<record><leader>00000cas a22000007a 4500</leader><controlfield tag="001">12778127</controlfield><controlfield tag="008">851109d18681874ohuwr ne      0    0eng d</controlfield><datafield ind1=" " ind2=" " tag="010"><subfield code="a">sn 85034400 </subfield></datafield><datafield ind1=" " ind2=" " tag="040"><subfield code="a">NPU</subfield><subfield code="b">eng</subfield><subfield code="c">NPU</subfield><subfield code="d">ONP</subfield><subfield code="d">OCLCQ</subfield></datafield><datafield ind1=" " ind2=" " tag="042"><subfield code="a">msc</subfield></datafield><datafield ind1="0" ind2=" " tag="130"><subfield code="a">Alliance weekly local (Alliance, Ohio : 1868)</subfield></datafield><datafield ind1="1" ind2="0" tag="245"><subfield code="a">Alliance weekly local.</subfield></datafield><datafield ind1=" " ind2=" " tag="260"><subfield code="a">Alliance, Stark County, Ohio :</subfield><subfield code="b">S.G. McKee, J.W. Gillespie,</subfield><subfield code="c">-1874.</subfield></datafield><datafield ind1=" " ind2=" " tag="300"><subfield code="a">v.</subfield></datafield><datafield ind1=" " ind2=" " tag="310"><subfield code="a">Weekly</subfield></datafield><datafield ind1="1" ind2=" " tag="362"><subfield code="a">Began in 1868.</subfield><subfield code="z">Cf. Gutgesell, S. Guide to Ohio newspapers, 1793-1973.</subfield></datafield><datafield ind1="0" ind2=" " tag="362"><subfield code="a">-v. 6, no. 52 (Dec. 26, 1874).</subfield></datafield><datafield ind1=" " ind2=" " tag="588"><subfield code="a">Description based on: Vol. 3, no. 23 (May 27, 1871).</subfield></datafield><datafield ind1=" " ind2=" " tag="752"><subfield code="a">United States</subfield><subfield code="b">Ohio</subfield><subfield code="c">Stark</subfield><subfield code="d">Alliance.</subfield></datafield><datafield ind1="0" ind2="0" tag="785"><subfield code="t">Alliance weekly review (Alliance, Ohio : 1875)</subfield><subfield code="w">(DLC)sn 88078459</subfield></datafield><datafield ind1="1" ind2=" " tag="029"><subfield code="a">AU@</subfield><subfield code="b">000023449168</subfield></datafield></record>